<collection xmlns="http://www.loc.gov/MARC21/slim">
<record>
  <leader>00798nam0a2200217 i 450 </leader>
  <controlfield tag="001">IT\ICCU\CNCE\009107</controlfield>
  <controlfield tag="005">19990914000000.0</controlfield>
  <datafield tag="012" ind1=" " ind2=" ">
    <subfield code="a">o.le loia lian ero- (C) 1592 (R)</subfield>
    <subfield code="2">fei</subfield>
  </datafield>
  <datafield tag="100" ind1=" " ind2=" ">
    <subfield code="a">19970101d1592        0itac0103    ba</subfield>
  </datafield>
  <datafield tag="101" ind1=" " ind2=" ">
    <subfield code="a">ITA</subfield>
  </datafield>
  <datafield tag="102" ind1=" " ind2=" ">
    <subfield code="a">IT</subfield>
  </datafield>
  <datafield tag="200" ind1="1" ind2=" ">
    <subfield code="a">℗Il ℗santissimo specchio spirituale fatto da Domenico Capigliara</subfield>
  </datafield>
  <datafield tag="210" ind1=" " ind2=" ">
    <subfield code="a">In Venetia</subfield>
    <subfield code="c">presso Giacomo Cornetti</subfield>
    <subfield code="d">1592</subfield>
  </datafield>
  <datafield tag="215" ind1=" " ind2=" ">
    <subfield code="a">11 \i.e. 12! c.</subfield>
    <subfield code="d">4ʻ</subfield>
  </datafield>
  <datafield tag="620" ind1=" " ind2=" ">
    <subfield code="a">IT</subfield>
    <subfield code="d">Venezia</subfield>
  </datafield>
  <datafield tag="700" ind1=" " ind2="1">
    <subfield code="a">Capigliara,</subfield>
    <subfield code="b">Domenico</subfield>
    <subfield code="3">IT\ICCU\CNCA\002550</subfield>
  </datafield>
  <datafield tag="712" ind1="0" ind2="0">
    <subfield code="a">Cornetti, Giacomo</subfield>
    <subfield code="3">IT\ICCU\CNCT\000119</subfield>
    <subfield code="4">650</subfield>
  </datafield>
  <datafield tag="791" ind1="0" ind2="0">
    <subfield code="a">Cornetti, Iacomo</subfield>
    <subfield code="3">IT\ICCU\CNCT\004676</subfield>
    <subfield code="z">Cornetti, Giacomo</subfield>
  </datafield>
  <datafield tag="791" ind1="0" ind2="0">
    <subfield code="a">Cornettus, Iacobus</subfield>
    <subfield code="3">IT\ICCU\CNCT\004677</subfield>
    <subfield code="z">Cornetti, Giacomo</subfield>
  </datafield>
  <datafield tag="801" ind1=" " ind2="3">
    <subfield code="a">IT</subfield>
    <subfield code="b">ICCU</subfield>
    <subfield code="c">20201113</subfield>
  </datafield>
  <datafield tag="899" ind1=" " ind2=" ">
    <subfield code="a">Biblioteca statale. Lucca</subfield>
    <subfield code="1">LU0022</subfield>
    <subfield code="2">LUA BL</subfield>
  </datafield>
</record>
</collection>
